@inproceedings{araya2015exorcising,
  title={Exorcising the Ghost in the Machine: Synthetic Spectral Data Cubes for Assessing Big Data Algorithms},
  author={Araya, M and Solar, M and Mardones, D and Hochf{\"a}rber, T},
  booktitle={Astronomical Society of the Pacific Conference Series},
  volume={495},
  pages={57},
  year={2015}
}

@article{araya2015survey,
title = "A brief survey on the Virtual Observatory ",
journal = "New Astronomy ",
volume = "39",
number = "",
pages = "46 - 54",
year = "2015",
note = "",
issn = "1384-1076",
doi = "http://dx.doi.org/10.1016/j.newast.2015.03.001",
author = "Mauricio Araya and Mauricio Solar and Jonathan Antognini"
}

@article{mendoza2015,
title = "Indexing data cubes for content-based searches in
radio astronomy",
journal = "Astronomy and Computing",
volume = "to appear",
number = "",
year = "2015",
author = "M. Mendoza and G. Candia and R. Gregorio and M. Araya and M. Solar"}



@inproceedings{gregorio2014spie,
  author = {Gregorio, Rodrigo and Solar, Mauricio and Mardones, Diego and Pichara, Karim and Parada, Victor and Contreras, Ricardo},
  title = {Automatic detection and automatic classification of structures in astronomical images},
  booktitle = {Proc. SPIE},
  volume = {9152},
  number = {},
  pages = {},
  year = {2014},
  doi = {10.1117/12.2055579},
  eprint = {}
}

@ARTICLE{astropy,
   author = {{Robitaille}, T.~P. and {Tollerud}, E.~J. and 
    {Greenfield}, P. and {Droettboom}, M. and {Bray}, E. and {Aldcroft}, T. and 
    {Davis}, M. and {Ginsburg}, A. and {Price-Whelan}, A.~M. and 
    {Kerzendorf}, W.~E. and {Conley}, A. and {Crighton}, N. and 
    {Barbary}, K. and {Muna}, D. and {Ferguson}, H. and {Grollier}, F. and 
    {Parikh}, M.~M. and {Nair}, P.~H. and {Unther}, H.~M. and {Deil}, C. and 
    {Woillez}, J. and {Conseil}, S. and {Kramer}, R. and {Turner}, J.~E.~H. and 
    {Singer}, L. and {Fox}, R. and {Weaver}, B.~A. and {Zabalza}, V. and 
    {Edwards}, Z.~I. and {Azalee Bostroem}, K. and {Burke}, D.~J. and 
    {Casey}, A.~R. and {Crawford}, S.~M. and {Dencheva}, N. and 
    {Ely}, J. and {Jenness}, T. and {Labrie}, K. and {Lian Lim}, P. and 
    {Pierfederici}, F. and {Pontzen}, A. and {Ptak}, A. and {Refsdal}, B. and 
    {Servillat}, M. and {Streicher}, O.},
    title = "{Astropy: A community Python package for astronomy}",
  journal = {\aap},
 keywords = {methods: data analysis, methods: miscellaneous, virtual observatory tools},
     year = 2013,
    month = oct,
   volume = 558,
      eid = {A33},
    pages = {A33}
}

@InProceedings{CupidAdass,
  author =       {{Berry}, D.~S. and {Reinhold}, K. and {Jenness}, T. and {Economou}, F.},
  title =        {{CUPID: A Clump Identification and Analysis Package}},
  booktitle =    {Astronomical Data Analysis Software and Systems XVI},
  pages =        {425-428},
  year =         2007,
  editor =       {{Shaw}, R.~A. and {Hill}, F. and {Bell}, D.~J.},
  volume =       {376},
}



@article{berry2015,
title = "FellWalkerâ€”A clump identification algorithm ",
journal = "Astronomy and Computing ",
volume = "10",
number = "",
pages = "22 - 31",
year = "2015",
note = "",
issn = "2213-1337",
doi = "http://dx.doi.org/10.1016/j.ascom.2014.11.004",
author = "D.S. Berry",
keywords = "Methods: data analysis",
keywords = "Clump identification",
keywords = "Starlink "
}

@ARTICLE{stutzki90,
   author = {{Stutzki}, J. and {Guesten}, R.},
    title = "{High spatial resolution isotopic CO and CS observations of M17 SW - The clumpy structure of the molecular cloud core}",
  journal = {\apj},
 keywords = {Carbon Monoxide, Molecular Clouds, Nebulae, Spatial Resolution, Sulfides, Abundance, Astronomical Maps, Brightness Temperature, Carbon Compounds, Emission Spectra, Line Spectra, Spectral Line Width},
     year = 1990,
    month = jun,
   volume = 356,
    pages = {513-533},
      doi = {10.1086/168859},
  adsnote = {Provided by the SAO/NASA Astrophysics Data System}
}

@inproceedings{solar2014spie,
  author = {Mauricio Solar and Walter Farina and Diego Mardones and Jonathan Antognini and Karim Pichara and Neil Nagar and Victor Parada and Jorge Ibsen and Lars Nyman and Jos\'e Marroquin},
  title = {Chilean virtual observatory and integration with {ALMA}},
  booktitle = {Proc. SPIE},
  volume = {9150},
  number = {},
  pages = {},
  year = {2014}
}


